<?xml version="1.0" encoding="UTF-8"?><collection xmlns="http://www.loc.gov/MARC21/slim"><record><leader>00542nam--2200181-i-4500</leader><controlfield tag="001">000012538</controlfield><controlfield tag="002">20161230</controlfield><controlfield tag="005">20161230201029</controlfield><controlfield tag="008">060222s1000------------r-----000-0-eng-d</controlfield><datafield ind1=" " ind2=" " tag="040"><subfield code="a">IFIN-HH</subfield></datafield><datafield ind1=" " ind2=" " tag="080"><subfield code="a">537.86</subfield></datafield><datafield ind1="1" ind2=" " tag="100"><subfield code="a">Alonso, Marcelo</subfield></datafield><datafield ind1="1" ind2="0" tag="245"><subfield code="a">Fundamental university phusics field and waves. part 3. waves</subfield><subfield code="c">Marcelo alonso, edward j. finn</subfield></datafield><datafield ind1=" " ind2=" " tag="260"><subfield code="a">Reading, Massachustts</subfield><subfield code="b">Addison - Wesley Publishing Company</subfield><subfield code="c">1967</subfield></datafield><datafield ind1=" " ind2=" " tag="300"><subfield code="a">/668-716 P.</subfield></datafield><datafield ind1="1" ind2=" " tag="700"><subfield code="a">Finn, Edward J</subfield></datafield><datafield ind1=" " ind2=" " tag="852"><subfield code="a">45616</subfield><subfield code="c">53</subfield></datafield><datafield ind1=" " ind2=" " tag="CAT"><subfield code="a">Sys</subfield><subfield code="c">20150324</subfield><subfield code="h">113317</subfield></datafield></record></collection>